

@book{berndtsson2007thesis,
  title={Thesis projects: A Guide for Students in Computer Science and Information Systems},
  author={Berndtsson, Mikael and Hansson, J{\"o}rgen and Olsson, Bj{\"o}rn and Lundell, Bj{\"o}rn},
  edition={Second},
  year={2008},
  publisher={Springer}
}

@book{blomkvist2014metod,
  title={Metod f{\"o}r teknologer. Examensarbete enligt 4-fasmodellen},
  author={Blomkvist, P{\"a}r and Hallin, Anette},
  year={2014},
  publisher={Studentlitteratur}
}

@techreport{guidelines_DP-BTH,
  title={Guidelines for Degree Projects},
  author={B{\"o}rstler, J{\"u}rgen and Unterkalmsteiner, Michael},
  year={2014},
  number={(current version 4.0.2, Jan 2021)},
  institution={Faculty of Computing, BTH},
  address={Karlskrona, Sweden}
}

@book{evans2014write,
  title={How to Write a Better Thesis},
  author={Evans, David and Gruba, Paul and Zobel, Justin},
  edition={Third},
  year={2014},
  publisher={Springer}
}

@book{glasman2010science,
  title={Sience Research Writing for Non-Native Speakers of English},
  author={Glasman-Deal, Hilary},
  year={2010},
  publisher={Imperial College Press}
}

@book{glasman2021science,
  title={Science Research Writing for Native and Non-native Speakers of English},
  author={Glasman-Deal, Hilary},
  edition={Second},
  year={2021},
  publisher={World Scientific}
}

@book{host2006att,
  title={Att genomf{\"o}ra examensarbete},
  author={H{\"o}st, Martin and Regnell, Bj{\"o}rn and Runeson, Per},
  year={2006},
  publisher={Studentlitteratur AB}
}

@book{trochim2015research,
  title={Research methods: The essential knowledge base},
  author={Trochim, William and Donnelly, James P and Arora, Kanika},
  edition={Second},
  year={2015},
  publisher={Wadsworth Publishing}
}

@book{zobel2014writing,
  title={Writing for Computer Science},
  author={Zobel, Justin},
  edition={Third},
  year={2014},
  publisher={Springer}
}

%VÃ¥ra artiklar ---------------------%
@misc{Tgwri1s2017,
  author = {Tgwri1s},
  year = {2017},
  title = {Introducing rating 2.0 | hltv.org},
  howpublished = {\url{https://www.hltv.org/news/20695/introducing-rating-20}},
  note = {Accessed: 29 February 2024}
}

@online{Dave2021,
  author = {Dave},
  year = {2021},
  title = {Reverse engineering the HLTV 2.0 rating},
  organization = {flashed.gg},
  url = {https://flashed.gg/posts/reverse-engineering-hltv-rating/},
  urldate = {29 February 2024}
}

@article{Rubin2022,
  author = {Rubin, A.},
  year = {2022},
  month = {January 13},
  title = {Predicting Round and Game Winners in CSGO},
  url = {https://doi.org/10.31219/osf.io/u9j5g}
}

@article{Chu2016,
  author = {Chu, Wei-Ta and Chou, Yao-Chung},
  year = {2016},
  title = {On broadcasted game video analysis: Event detection, highlight detection, and highlight forecast},
  journal = {Multimedia Tools and Applications},
  volume = {76},
  number = {7},
  pages = {9735--9758},
  doi = {10.1007/s11042-016-3577-x}
}

@article{Ekin2003,
  author = {Ekin, Ahmet M. and Tekalp, A. Murat and Mehrotra, Rajiv},
  year = {2003},
  title = {Automatic soccer video analysis and summarization},
  journal = {IEEE Transactions on Image Processing},
  volume = {12},
  number = {7},
  pages = {796--807},
  month = {July},
  doi = {10.1109/TIP.2003.812758},
  url = {https://ieeexplore.ieee.org/abstract/document/1212655}
}

@article{BaranNama,
  author = {Baran, Nama},
  year = {2019},
  title = {CS:GO Player Skill Prediction},
  month = {August},
  url = {https://drive.google.com/open?id=1JXIB57BA2XBTYVLSy6Xg_5nfL6dWyDmG                                    
}
}

@misc{p5jsMap,
  author = {processing},
  title = {calculation.js},
  year = {2017},
  publisher = {GitHub},
  journal = {GitHub repository},
  howpublished = {\url{https://github.com/processing/p5.js/blame/d18386e5b85b18150826bf885a45e3d9728941ba/src/math/calculation.js#L605}},
  commit = {d18386e5b85b18150826bf885a45e3d9728941ba}
}